<record><leader>00000cas a22000007a 4500</leader><controlfield tag="001">37029787</controlfield><controlfield tag="008">970606d19121935azuwr ne      0   a0eng d</controlfield><datafield ind1=" " ind2=" " tag="010"><subfield code="a">sn 97060135 </subfield></datafield><datafield ind1=" " ind2=" " tag="040"><subfield code="a">ANN</subfield><subfield code="b">eng</subfield><subfield code="c">ANN</subfield><subfield code="d">OCLCQ</subfield><subfield code="d">OCLCF</subfield><subfield code="d">OCLCO</subfield></datafield><datafield ind1="1" ind2=" " tag="029"><subfield code="a">AU@</subfield><subfield code="b">000013283026</subfield></datafield><datafield ind1=" " ind2=" " tag="042"><subfield code="a">msc</subfield></datafield><datafield ind1=" " ind2=" " tag="043"><subfield code="a">n-us-az</subfield></datafield><datafield ind1="0" ind2=" " tag="130"><subfield code="a">Buckeye Valley news (Buckeye, Ariz. : 1912)</subfield></datafield><datafield ind1="1" ind2="0" tag="245"><subfield code="a">Buckeye Valley news.</subfield></datafield><datafield ind1=" " ind2=" " tag="260"><subfield code="a">Buckeye, Ariz. :</subfield><subfield code="b">P.R. Mitten,</subfield><subfield code="c">1912-1935.</subfield></datafield><datafield ind1=" " ind2=" " tag="300"><subfield code="a">v. :</subfield><subfield code="b">ill.</subfield></datafield><datafield ind1=" " ind2=" " tag="310"><subfield code="a">Weekly</subfield></datafield><datafield ind1="0" ind2=" " tag="362"><subfield code="a">Vol. 1, no. 1 (Feb. 12, 1912)-v. 2, no. 40 (May 2, 1935).</subfield></datafield><datafield ind1=" " ind2=" " tag="500"><subfield code="a">Publishers: P.R. Mitten, 1912-&lt;1923&gt;; Otto Paulson, 1933-1935.</subfield></datafield><datafield ind1=" " ind2=" " tag="515"><subfield code="a">Suspended publication, Mar. 29, 1923. Cf. Mitten, Charles A. The Buckeye Printer; resumed with vol. 1, no. 1 (Aug. 3, 1933)-v. 2,no. 40 (May 2, 1935).</subfield></datafield><datafield ind1=" " ind2=" " tag="580"><subfield code="a">Merged with: Buckeye review (Buckeye, Ariz.), to form: Buckeye Valley news and continuation of the Buckeye review.</subfield></datafield><datafield ind1=" " ind2="0" tag="651"><subfield code="a">Buckeye (Ariz.)</subfield><subfield code="v">Newspapers.</subfield></datafield><datafield ind1=" " ind2="0" tag="651"><subfield code="a">Maricopa County (Ariz.)</subfield><subfield code="v">Newspapers.</subfield></datafield><datafield ind1=" " ind2="7" tag="655"><subfield code="a">Newspapers.</subfield><subfield code="2">fast</subfield><subfield code="0">(OCoLC)fst01423814</subfield></datafield><datafield ind1=" " ind2="7" tag="651"><subfield code="a">Arizona</subfield><subfield code="z">Buckeye.</subfield><subfield code="2">fast</subfield><subfield code="0">(OCoLC)fst01215658</subfield></datafield><datafield ind1=" " ind2="7" tag="651"><subfield code="a">Arizona</subfield><subfield code="z">Maricopa County.</subfield><subfield code="2">fast</subfield><subfield code="0">(OCoLC)fst01217111</subfield></datafield><datafield ind1=" " ind2=" " tag="752"><subfield code="a">United States</subfield><subfield code="b">Arizona</subfield><subfield code="c">Maricopa</subfield><subfield code="d">Buckeye.</subfield></datafield><datafield ind1="1" ind2="7" tag="785"><subfield code="t">Buckeye review (Buckeye, Ariz.)</subfield></datafield><datafield ind1="1" ind2="7" tag="785"><subfield code="t">Buckeye Valley news and continuation of the Buckeye review</subfield><subfield code="w">(DLC)sn 97060136</subfield></datafield></record>